% Encoding: UTF-8

@Online{Fowler2014,
  author = {Martin Fowler and James Lewis},
  title  = {Microservices},
  date   = {2014-03-25},
  url    = {https://martinfowler.com/articles/microservices.html},
}

@Online{Morris2014,
  author = {Ben Morris},
  title  = {Are microservices just soa done properly?},
  date   = {2014-06-12},
  url    = {https://www.ben-morris.com/are-microservices-just-soa-done-properly/},
}

@Online{Young2016,
  author = {Greg Young},
  title  = {The long sad history of MicroServices},
  date   = {2016-11-07},
  url    = {https://skillsmatter.com/skillscasts/8207-the-long-sad-history-of-microservices},
}

@Online{Hummel2018,
  author = {Gut Hummel},
  title  = {Microservices Architecture: Advantages and Drawbacks},
  date   = {2018-10-18},
  url    = {https://cloudacademy.com/blog/microservices-architecture-challenge-advantage-drawback/},
}

@Online{Fowler2015,
  author = {Martin Fowler},
  title  = {Microservice Trade-Offs},
  date   = {2015-07-01},
  url    = {https://martinfowler.com/articles/microservice-trade-offs.html},
}

@TechReport{36356,
  author      = {Benjamin H. Sigelman and Luiz Andr√© Barroso and Mike Burrows and Pat Stephenson and Manoj Plakal and Donald Beaver and Saul Jaspan and Chandan Shanbhag},
  title       = {Dapper, a Large-Scale Distributed Systems Tracing Infrastructure},
  institution = {Google, Inc.},
  year        = {2010},
  url         = {https://research.google.com/archive/papers/dapper-2010-1.pdf},
}

@TechReport{Mace2017,
  author      = {Jonathan Mace},
  title       = {{End-to-End Tracing: Adoption and Use Cases}},
  institution = {Brown University},
  year        = {2017},
  type        = {{Survey}},
}

@Online{Sigelman2016,
  author = {Ben Sigelman},
  title  = {Towards Turnkey Distributed Tracing},
  date   = {2016-06-15},
  url    = {https://medium.com/opentracing/towards-turnkey-distributed-tracing-5f4297d1736},
}

@Online{2018,
  author = {Amazon whitepapers},
  title  = {Install jenkins on aws},
  year   = {2018},
  url    = {https://docs.aws.amazon.com/aws-technical-content/latest/jenkins-on-aws/installation.html},
}

@Comment{jabref-meta: databaseType:biblatex;}
