% Encoding: windows-1252

@Online{Gianluca2017,
  author = {Arbezzano Gianluca},
  title  = {OpenTracing: An Open Standard for Distributed Tracing},
  year   = {2017},
  date   = {2017-10-10},
  url    = {https://thenewstack.io/opentracing-open-standard-distributed-tracing/},
}

@Manual{2017,
  author = {StephenKing objectiser},
  title  = {OpenTracing: Common use cases},
  year   = {2017},
  date   = {2017-08-28},
}

@Electronic{Sematext2018,
  author = {{Sematext}},
  title  = {OpenTracing: Distributed Tracing's Emerging Industry Standard},
  year   = {2018},
  date   = {2018-05-23},
  url    = {https://sematext.com/wp-content/uploads/2018/04/opentracing-emerging-distributed-tracing-standard.pdf},
}

@Online{Jacqueline2018,
  author = {Emigh Jacqueline},
  title  = {Efforts to standardize tracing through OpenTracing},
  year   = {2018},
  date   = {2018-05-04},
  url    = {https://sdtimes.com/apm/efforts-standardize-tracing-opentracing/},
}

@Comment{jabref-meta: databaseType:biblatex;}
